<record xmlns="http://www.loc.gov/MARC21/slim" xmlns:xsi="http://www.w3.org/2001/XMLSchema-instance" xsi:schemaLocation="http://www.loc.gov/MARC21/slim http://www.loc.gov/standards/marcxml/schema/MARC21slim.xsd"><leader>02404nam a2200457   4500</leader><controlfield tag="001">1933362</controlfield><controlfield tag="003">NIC</controlfield><controlfield tag="006">m        d        </controlfield><controlfield tag="007">cr cn |||m|||a</controlfield><controlfield tag="008">150222s1965    iq      ob    000 0 ararc</controlfield><datafield ind1=" " ind2=" " tag="040"><subfield code="a">NNU</subfield><subfield code="b">eng</subfield><subfield code="e">rda</subfield><subfield code="c">NNU</subfield></datafield><datafield ind1="0" ind2="0" tag="050"><subfield code="a">PJ6101.S53</subfield><subfield code="b">H3</subfield></datafield><datafield ind1="1" ind2=" " tag="100"><subfield code="6">880-01</subfield><subfield code="a">H&#803;adi&#772;thi&#772;, Khadi&#772;jah.</subfield></datafield><datafield ind1="1" ind2="0" tag="245"><subfield code="6">880-02</subfield><subfield code="a">Abniyat al-s&#803;arf fi&#772; kita&#772;b Si&#772;bawayh.</subfield><subfield code="c">[ta&#700;lif] Khadi&#772;jah ai-H&#803;adii&#772;thi&#772;.</subfield></datafield><datafield ind1=" " ind2=" " tag="250"><subfield code="6">880-03</subfield><subfield code="a">[al-t&#803;ab&#699;ah 1].</subfield></datafield><datafield ind1=" " ind2=" " tag="260"><subfield code="6">880-04</subfield><subfield code="a">Baghda&#772;d,</subfield><subfield code="b">Maktabat al-nahd&#803;ah</subfield><subfield code="c">[1965]</subfield></datafield><datafield ind1=" " ind2=" " tag="300"><subfield code="a">online resource (576 pages)</subfield></datafield><datafield ind1=" " ind2=" " tag="336"><subfield code="a">text</subfield><subfield code="2">rdacontent</subfield></datafield><datafield ind1=" " ind2=" " tag="337"><subfield code="a">computer</subfield><subfield code="2">rdamedia</subfield></datafield><datafield ind1=" " ind2=" " tag="338"><subfield code="a">online resource</subfield><subfield code="2">rdacarrier</subfield></datafield><datafield ind1=" " ind2=" " tag="500"><subfield code="a">Cover title: Abniyat al-s&#803;arf fi&#772; k. Sibawayhi [by] Khadijah al-Hadithi.</subfield></datafield><datafield ind1=" " ind2=" " tag="500"><subfield code="a">Risa&#772;lat al-ma&#772;jisti&#772;r-Jami&#699;at al-Qa&#772;hirah.</subfield></datafield><datafield ind1=" " ind2=" " tag="500"><subfield code="a">Part of the Arabic Collections Online (ACO) project, contributed by Cornell University Libraries.</subfield></datafield><datafield ind1=" " ind2=" " tag="504"><subfield code="a">Includes bibliographical references (pages 531-537).</subfield></datafield><datafield ind1=" " ind2=" " tag="533"><subfield code="a">Electronic reproduction.</subfield><subfield code="b">New York, N.Y. :</subfield><subfield code="c">New York University,</subfield><subfield code="d">2015.</subfield><subfield code="5">NNU</subfield></datafield><datafield ind1=" " ind2="0" tag="650"><subfield code="a">Arabic language</subfield><subfield code="x">Morphology.</subfield></datafield><datafield ind1="1" ind2="0" tag="600"><subfield code="6">880-05</subfield><subfield code="a">Si&#772;bawayh, &#699;Amr ibn &#699;Uthma&#772;n,</subfield><subfield code="d">active 8th century.</subfield><subfield code="t">Kita&#772;b.</subfield></datafield><datafield ind1="0" ind2="7" tag="630"><subfield code="a">Kita&#772;b (Si&#772;bawayh, &#699;Amr ibn &#699;Uthma&#772;n)</subfield><subfield code="2">fast</subfield><subfield code="0">(OCoLC)fst01361543</subfield></datafield><datafield ind1=" " ind2="7" tag="650"><subfield code="a">Arabic language</subfield><subfield code="x">Morphology.</subfield><subfield code="2">fast</subfield><subfield code="0">(OCoLC)fst00812380</subfield></datafield><datafield ind1="2" ind2=" " tag="710"><subfield code="a">Cornell University.</subfield><subfield code="b">Libraries.</subfield></datafield><datafield ind1="0" ind2=" " tag="730"><subfield code="a">Arabic Collections Online.</subfield></datafield><datafield ind1="0" ind2="8" tag="776"><subfield code="i">Online version:</subfield><subfield code="a">H&#803;adi&#772;thi&#772;, Khadi&#772;jah.</subfield><subfield code="t">Abniyat al-s&#803;arf fi&#772; kita&#772;b Si&#772;bawayh.</subfield><subfield code="b">[al-t&#803;ab&#699;ah 1].</subfield><subfield code="d">Baghda&#772;d, Maktabat al-nahd&#803;ah [1965]</subfield><subfield code="w">(OCoLC)615592861</subfield></datafield><datafield ind1="0" ind2="8" tag="776"><subfield code="i">Print version:</subfield><subfield code="a">H&#803;adi&#772;thi&#772;, Khadi&#772;jah.</subfield><subfield code="t">Abniyat al-s&#803;arf fi&#772; kita&#772;b Si&#772;bawayh</subfield><subfield code="w">(NIC)1933362</subfield><subfield code="w">(DLC)ne 65002717 </subfield><subfield code="w">(OCoLC)7859355</subfield></datafield><datafield ind1="4" ind2="0" tag="856"><subfield code="u">http://hdl.handle.net/2333.1/r4xgxg9g</subfield></datafield><datafield ind1="1" ind2=" " tag="880"><subfield code="6">100-01/r</subfield><subfield code="a">&#8207;&#1581;&#1583;&#1610;&#1579;&#1610;&#1548; &#1582;&#1583;&#1610;&#1580;&#1577;.</subfield></datafield><datafield ind1="1" ind2="0" tag="880"><subfield code="6">245-02/r</subfield><subfield code="a">&#8207;&#1571;&#1576;&#1606;&#1610;&#1577; &#1575;&#1604;&#1589;&#1585;&#1601; &#1601;&#1610; &#1603;&#1578;&#1575;&#1576; &#1587;&#1610;&#1576;&#1608;&#1610;&#1607; /&#8207;</subfield><subfield code="c">&#8207;&#1582;&#1583;&#1610;&#1580;&#1577; &#1575;&#1604;&#1581;&#1583;&#1610;&#1579;&#1610;.</subfield></datafield><datafield ind1=" " ind2=" " tag="880"><subfield code="6">250-03/r</subfield><subfield code="a">&#8207;&#1575;&#1604;&#1591;&#1576;&#1593;&#1577; 1.</subfield></datafield><datafield ind1=" " ind2=" " tag="880"><subfield code="6">260-04/r</subfield><subfield code="a">&#8207;&#1576;&#1594;&#1583;&#1575;&#1583; :&#8207;</subfield><subfield code="b">&#8207;&#1605;&#1603;&#1578;&#1576;&#1577; &#1575;&#1604;&#1606;&#1607;&#1590;&#1577;&#1548;&#8207;</subfield><subfield code="c">&#8207;1965.</subfield></datafield><datafield ind1="1" ind2="4" tag="880"><subfield code="6">600-05/r</subfield><subfield code="a">&#8207;&#1587;&#1610;&#1576;&#1608;&#1610;&#1607;&#1548; &#1593;&#1605;&#1585;&#1608; &#1576;&#1606; &#1593;&#1579;&#1605;&#1575;&#1606;&#1548;&#8207;,</subfield><subfield code="d">&#8207;&#8234;8th century &#8236;.&#8207;.</subfield><subfield code="t">&#8207;&#1603;&#1578;&#1575;&#1576;.</subfield></datafield><datafield ind1=" " ind2=" " tag="959"><subfield code="a">NNU</subfield><subfield code="b">WEB</subfield><subfield code="c">GENI</subfield><subfield code="t">0</subfield><subfield code="m">Electronic access</subfield><subfield code="s">01</subfield></datafield><datafield ind1=" " ind2=" " tag="999"><subfield code="i">NIC_1933362</subfield><subfield code="o">(OCoLC)ocm07859355 </subfield><subfield code="s">cornell_aco000117</subfield></datafield></record>